<record><leader>00000cas a22000007a 4500</leader><controlfield tag="001">14880808</controlfield><controlfield tag="008">861126d19861987iaudn ne      0    0eng d</controlfield><datafield ind1=" " ind2=" " tag="010"><subfield code="a">sn 86060300 </subfield></datafield><datafield ind1=" " ind2=" " tag="040"><subfield code="a">INP</subfield><subfield code="b">eng</subfield><subfield code="c">INP</subfield><subfield code="d">NSD</subfield><subfield code="d">INP</subfield><subfield code="d">OCLCQ</subfield></datafield><datafield ind1=" " ind2=" " tag="042"><subfield code="a">msc</subfield></datafield><datafield ind1="0" ind2=" " tag="130"><subfield code="a">Ames daily tribune (Ames, Iowa : 1986)</subfield></datafield><datafield ind1="1" ind2="0" tag="245"><subfield code="a">Ames daily tribune.</subfield></datafield><datafield ind1="3" ind2="0" tag="246"><subfield code="a">Ames daily tribune weekender edition</subfield></datafield><datafield ind1="3" ind2="0" tag="246"><subfield code="a">Ames (Iowa) tribune</subfield></datafield><datafield ind1=" " ind2=" " tag="260"><subfield code="a">Ames, Iowa :</subfield><subfield code="b">Ames Daily Tribune-Times Co.,</subfield><subfield code="c">1986-1987.</subfield></datafield><datafield ind1=" " ind2=" " tag="300"><subfield code="a">1 v. :</subfield><subfield code="b">ill. ;</subfield><subfield code="c">58 cm.</subfield></datafield><datafield ind1=" " ind2=" " tag="310"><subfield code="a">Daily (except Sunday)</subfield></datafield><datafield ind1="0" ind2=" " tag="362"><subfield code="a">Vol. 119, no. 84 (Oct. 8, 1986)-v. 119, no. 231 (Apr. 1, 1987).</subfield></datafield><datafield ind1=" " ind2=" " tag="500"><subfield code="a">Saturday issue has title: Ames daily tribune weekender edition.</subfield></datafield><datafield ind1=" " ind2=" " tag="500"><subfield code="a">Publisher varies.</subfield></datafield><datafield ind1=" " ind2=" " tag="752"><subfield code="a">United States</subfield><subfield code="b">Iowa</subfield><subfield code="c">Story</subfield><subfield code="d">Ames.</subfield></datafield><datafield ind1="0" ind2="0" tag="780"><subfield code="t">Ames tribune</subfield><subfield code="w">(DLC)sn 85050764</subfield><subfield code="w">(OCoLC)11794539</subfield></datafield><datafield ind1="0" ind2="0" tag="785"><subfield code="t">Daily tribune (Ames, Iowa)</subfield><subfield code="x">0893-7915</subfield><subfield code="w">(DLC)sn 87057277</subfield></datafield></record>